<record><leader>00000cas a2200000 a 4500</leader><controlfield tag="001">10197513</controlfield><controlfield tag="008">831207d19401944ohuer ne      0   a0eng d</controlfield><datafield ind1=" " ind2=" " tag="010"><subfield code="a">sn 84025694 </subfield></datafield><datafield ind1=" " ind2=" " tag="040"><subfield code="a">WIH</subfield><subfield code="b">eng</subfield><subfield code="c">WIH</subfield><subfield code="d">NPV</subfield><subfield code="d">ONP</subfield><subfield code="d">OCL</subfield><subfield code="d">OCLCQ</subfield><subfield code="d">OCLCF</subfield><subfield code="d">OCLCO</subfield><subfield code="d">OCLCA</subfield></datafield><datafield ind1="1" ind2=" " tag="029"><subfield code="a">AU@</subfield><subfield code="b">000020508021</subfield></datafield><datafield ind1=" " ind2=" " tag="042"><subfield code="a">msc</subfield></datafield><datafield ind1=" " ind2=" " tag="043"><subfield code="a">n-us-oh</subfield></datafield><datafield ind1=" " ind2=" " tag="045"><subfield code="a">x4x4</subfield></datafield><datafield ind1=" " ind2=" " tag="052"><subfield code="a">4083</subfield><subfield code="b">M65</subfield></datafield><datafield ind1="0" ind2="0" tag="245"><subfield code="a">Dayton union news.</subfield></datafield><datafield ind1=" " ind2=" " tag="260"><subfield code="a">[Dayton, Ohio] :</subfield><subfield code="b">Locals of the United Electrical, Radio and Machine Workers of America, CIO,</subfield><subfield code="c">1940-1944.</subfield></datafield><datafield ind1=" " ind2=" " tag="300"><subfield code="a">4 v. :</subfield><subfield code="b">ill.</subfield></datafield><datafield ind1=" " ind2=" " tag="310"><subfield code="a">Biweekly</subfield></datafield><datafield ind1="0" ind2=" " tag="362"><subfield code="a">Vol. 1, no. 1 (Dec. 19, 1940)-v. 4, no. 5 (Mar. 3, 1944).</subfield></datafield><datafield ind1=" " ind2=" " tag="530"><subfield code="a">Available on microfilm from the State Historical Society of Wisconsin.</subfield></datafield><datafield ind1=" " ind2=" " tag="550"><subfield code="a">Published by: affiliated locals of the Congress of Industrial Organizations, Mar. 3, 1943-July 9, 1943; Dayton Union News, July 22, 1943-Oct. 28, 1943; Dayton CIO News, Nov. 11, 1943-1944.</subfield></datafield><datafield ind1=" " ind2=" " tag="550"><subfield code="a">July 22, 1943-1944, endorsed by Montgomery County Industrial Union Council.</subfield></datafield><datafield ind1=" " ind2="0" tag="650"><subfield code="a">Labor unions</subfield><subfield code="z">Ohio</subfield><subfield code="z">Dayton.</subfield></datafield><datafield ind1=" " ind2="7" tag="650"><subfield code="a">Labor unions.</subfield><subfield code="2">fast</subfield><subfield code="0">(OCoLC)fst00990260</subfield></datafield><datafield ind1=" " ind2="7" tag="651"><subfield code="a">Ohio</subfield><subfield code="z">Dayton.</subfield><subfield code="2">fast</subfield><subfield code="0">(OCoLC)fst01204702</subfield></datafield><datafield ind1="2" ind2=" " tag="710"><subfield code="a">United Electrical, Radio and Machine Workers of America.</subfield></datafield><datafield ind1="2" ind2=" " tag="710"><subfield code="a">Congress of Industrial Organizations (U.S.)</subfield></datafield><datafield ind1="2" ind2=" " tag="710"><subfield code="a">Montgomery County Industrial Union Council.</subfield></datafield><datafield ind1=" " ind2=" " tag="752"><subfield code="a">United States</subfield><subfield code="b">Ohio</subfield><subfield code="c">Montgomery</subfield><subfield code="d">Dayton.</subfield></datafield><datafield ind1="0" ind2="0" tag="785"><subfield code="t">Dayton CIO news</subfield><subfield code="w">(DLC)sn 84025695</subfield></datafield></record>